<record><leader>00000cas a22000007a 4500</leader><controlfield tag="001">31600808</controlfield><controlfield tag="008">941202d19691980nyuwr ne      0    0eng d</controlfield><datafield ind1=" " ind2=" " tag="010"><subfield code="a">sn 94061047 </subfield></datafield><datafield ind1=" " ind2=" " tag="040"><subfield code="a">NYS</subfield><subfield code="b">eng</subfield><subfield code="c">NYS</subfield><subfield code="d">OCLCQ</subfield></datafield><datafield ind1=" " ind2=" " tag="042"><subfield code="a">msc</subfield></datafield><datafield ind1="0" ind2=" " tag="130"><subfield code="a">Mid-island Hicksville herald (Hicksville, N.Y. : 1969)</subfield></datafield><datafield ind1="1" ind2="0" tag="245"><subfield code="a">Mid-island Hicksville herald.</subfield></datafield><datafield ind1="1" ind2="7" tag="246"><subfield code="a">Mid-island Plainview herald</subfield></datafield><datafield ind1="3" ind2="0" tag="246"><subfield code="a">Mid-island herald</subfield></datafield><datafield ind1=" " ind2=" " tag="250"><subfield code="a">Hicksville-Jericho ed.</subfield></datafield><datafield ind1=" " ind2=" " tag="260"><subfield code="a">Hicksville, N.Y. :</subfield><subfield code="b">[Shiela Noeth]</subfield></datafield><datafield ind1=" " ind2=" " tag="300"><subfield code="a">v.</subfield></datafield><datafield ind1=" " ind2=" " tag="310"><subfield code="a">Weekly</subfield></datafield><datafield ind1="0" ind2=" " tag="362"><subfield code="a">Aug. 14, 1969-July 2, 1970 ; vol. 23, no. 28 (July 9, 1970)-v. 34, no. 11 (May 2, 1980).</subfield></datafield><datafield ind1=" " ind2="4" tag="651"><subfield code="a">Hicksville (N.Y.)</subfield><subfield code="v">Newspapers.</subfield></datafield><datafield ind1=" " ind2="4" tag="651"><subfield code="a">Jericho (N.Y.)</subfield><subfield code="v">Newspapers.</subfield></datafield><datafield ind1=" " ind2="4" tag="651"><subfield code="a">Nassau County (N.Y.)</subfield><subfield code="v">Newspapers.</subfield></datafield><datafield ind1=" " ind2=" " tag="752"><subfield code="a">United States</subfield><subfield code="b">New York</subfield><subfield code="c">Nassau</subfield><subfield code="d">Hicksville.</subfield></datafield><datafield ind1=" " ind2=" " tag="752"><subfield code="a">United States</subfield><subfield code="b">New York</subfield><subfield code="c">Nassau</subfield><subfield code="d">Jericho.</subfield></datafield><datafield ind1="0" ind2=" " tag="775"><subfield code="t">Plainview Old Bethpage herald (Hicksville, N.Y.)</subfield><subfield code="w">(DLC)sn 94061049</subfield></datafield><datafield ind1="0" ind2="0" tag="780"><subfield code="t">Mid-island &amp; Plainview herald (Hicksville, N.Y. : 1966 : Hicksville-Jericho ed.)</subfield><subfield code="w">(DLC)sn 94061045</subfield><subfield code="w">(OCoLC)31600593</subfield></datafield><datafield ind1="0" ind2="0" tag="785"><subfield code="t">Mid-island &amp; Plainview herald (Hicksville, N.Y. : 1980 : Hicksville ed.)</subfield><subfield code="w">(DLC)sn 94061048</subfield><subfield code="w">(OCoLC)31601099</subfield></datafield><datafield ind1="1" ind2=" " tag="029"><subfield code="a">AU@</subfield><subfield code="b">000011501285</subfield></datafield></record>